@article{,
    author  = "Gusyakov Ratmir",
    title   = "ITC Labaratory work â„–6",
    year    = "2022",
}
